@misc{LibGdx,
	title={LibGDX Java game development framework},
	howpublished={\url{https://libgdx.com/}},
	note={Accessed: 2022-07-16}
}

@misc{a-star-online,
	title={Implementing A* Pathfinding in Java},
	howpublished={\url{https://www.baeldung.com/java-a-star-pathfinding}},
	note={Accessed: 2022-07-16}
}

@misc{classification-online,
	title={Building Classification model with python},
	howpublished={\url{https://medium.com/analytics-vidhya/building-classification-model-with-python-9bdfc13faa4b}},
	note={Accessed: 2022-07-16}
}

@misc{kaggle-dataset,
	title={Building Classification model with python},
	howpublished={\url{https://www.kaggle.com/datasets/janiobachmann/bank-marketing-dataset}},
	note={Accessed: 2022-07-16}
}

@misc{minimax-online,
	title={Minimax algorithm in game theory},
	howpublished={\url{https://www.geeksforgeeks.org/minimax-algorithm-in-game-theory-set-3-tic-tac-toe-ai-finding-optimal-move/}},
	note={Accessed: 2022-07-16}
}

@misc{IBMwatson,
	title={Will Watson Win on Jeopardy!?},
	howpublished={\url{https://web.archive.org/web/20110414214425/http://www.pbs.org/wgbh/nova/tech/will-watson-win-jeopardy.html}},
	note={Accessed: 2022-07-16}
}

@misc{prolog-online,
	title={SWI-prolog online},
	howpublished={\url{http://www.swi-prolog.org}},
	note={Accessed: 2022-07-16}
}

@misc{pddl-hakank,
	title={PDDL encodings},
	howpublished={\url{http://www.hakank.org/pddl/}},
	note={Accessed: 2022-07-16}
}

@misc{pddl-online,
	title={Online PDDL planner},
	howpublished={\url{https://web-planner.herokuapp.com/}},
	note={Accessed: 2022-07-16}
}

@misc{q-learning-article,
	title={Reinforcement Q-Learning from Scratch in Python with OpenAI Gym},
	howpublished={\url{https://www.learndatasci.com/tutorials/reinforcement-q-learning-scratch-python-openai-gym/}},
	note={Accessed: 2022-07-16}
}